@Manual{R-base,
  title = {R: A Language and Environment for Statistical Computing},
  author = {{R Core Team}},
  organization = {R Foundation for Statistical Computing},
  address = {Vienna, Austria},
  year = {2020},
  url = {https://www.R-project.org/},
}
@Manual{R-papaja,
  author = {Frederik Aust and Marius Barth},
  title = {{papaja}: {Create} {APA} manuscripts with {R Markdown}},
  year = {2020},
  note = {R package version 0.1.0.9997},
  url = {https://github.com/crsh/papaja},
}
@article{gallo2014,
  title={The Hispanic community health study/study of Latinos sociocultural ancillary study: Sample, design, and procedures},
  author={Gallo, Linda C and Penedo, Frank J and Carnethon, Mercedes and Isasi, Carmen and Sotres-Alvarez, Daniela and Malcarne, Vanessa L and Roesch, Scott C and Youngblood, Marston E and Daviglus, Martha L and Gonzalez, Patricia and others},
  journal={Ethnicity \& disease},
  volume={24},
  number={1},
  pages={77},
  year={2014},
  publisher={NIH Public Access}
}
@article{benham2010,
  title={Sleep: An important factor in stress-health models},
  author={Benham, Grant},
  journal={Stress and Health},
  volume={26},
  number={3},
  pages={204--214},
  year={2010},
  publisher={Wiley Online Library}
}@Manual{R-dplyr,
  title = {dplyr: A Grammar of Data Manipulation},
  author = {Hadley Wickham and Romain François and Lionel {
             Henry} and Kirill Müller},
  year = {2020},
  note = {R package version 1.0.2},
  url = {https://CRAN.R-project.org/package=dplyr},
}